@article{SansMotif,
    author = {C. Krattenthaler},
    journal = {Advances in Applied Mathematics},
    title = {Permutations with Restricted Patterns and Dyck Paths},
    year = {1999},
    volume = {27},
    pages = {149-178}
}

@article{RP,
    author = {Rodica Simion and Frank W. Schmidt},
    journal = {Europ.l. Combinatorics},
    title = {Restricted Permutations},
    year = {1985},
    volume = {6},
    pages = {383-406}
}

@article{RRP,
    author = {Aaron Robertson and Dan Saracino and Doron Zeilberger},
    title = {Refined restricted permutations},
    year = {year}
}

@article{FNR,
    author = {Gi-Sang Cheon and Sang-Gu Lee and Louis W. Shapiro},
    journal = {European Journal of Combinatorics},
    title = {The Fine numbers refined},
    year = {2010},
    volume = {31},
    pages = {120-128}
}

@article{NOTESR,
    author = {Volker Strehl},
    title = {A note on similarity relations},
    journal = {Discrete Mathematics},
    year = {W7},
    pages = {99-101}
}

@article{Desantis,
    author = {Derek Desantis and Rebecca Field and Wesley Hough and Brant Jones and Rebecca Meissen and Jacob Ziefle},
    journal = {Missouri J. of Math. sci.},
    title = {Permutation pattern avoidance and the Catalan Number},
    volume = {25},
    year = {2010}
}

@article{Fine,
    author = {Emeric Deutsch and Louis Shapiro},
    journal = {Discrete Mathematics},
    title = {A survey of the Fine numbers},
    pages = {241-265},
    year = {2001}
}

@article{FranconViennot,
    author = {J. Françon and G. Viennot},
    journal = {Discrete Mathematics},
    title = {Permutations selon leurs pics, creux, doubles montées et double descentes, nombres d’Euler et nombres de Genocchi},
    pages = {21-35},
    year = {1979}
}

@article{9,
    author = {Shushuo Fu and Dazhao Tang and Bin Han and Jiang Zeng},
    journal = {Discrete Mathematics},
    title = {(q, t)-Catalan Numbers},
    pages = {9},
    year = {2018}
}

@article{ref31,
    author = {Sergi Elzalde},
    title = {Fixed Points and Excedances in Restricted Permutations},
    year = {2012},
    institution = {Dartmouth College},
    pages = {6}
}

@article{TFine,
    author = {T. Fine},
    title = {Extrapolation when very little is known about the source},
    journal = {Inform and Control},
    pages = {331-359}
}
