@Article{ref,
author={Deutsh,E},
journal={Discret Math},
title={Dyck Path Enumeration},
pages={167-202},
year={1999},
}
@Article{ref1,
author={Fine,T},
journal={Information and Control},
title={Extrapolation when Very Little is Known},
pages={331-359},
year={1970},
}
@Article{ref2,
author={Krattenthaler,C},
journal={Advanced in Applied Math},
title={Permutation with restrited Patterns and Dyck Paths},
pages={510-530},
year={2001},
}
@Article{ref6,
author={Rogers,D.G},
journal={Journal of combinatorial Theory},
title={Similarity relation on Finite Ordered Sets},
pages={88-98},
year={1976},
}
@Article{ref7,
author={Shaphiro,L.W},
journal={Discret Math},
title={A Catalan Triangle},
pages={83-90},
year={1976},
}
@Article{ref9,
author={Simion,R AND Schmidt,F},
journal={European Journal of Combinatorics},
title={Restricted Permutation},
pages={383-406},
year={1985},
}
@Article{ref11,
author={Strehl,V},
journal={Discret Math},
title={A Note on Similarity Relation},
pages={99-101},
year={1977},
}
@Article{ref31,
	author={SERGI ELZALDE},
	journal={Dartmouth College },
	title={Fixed Points and Excedances in Restricted Permutations },
	pages={6},
	year={2012}
}
